Általános szabályok:
    - a nevek közt nem vessző, hanem "and" van
    - a címeket kisbetűssé teszi, ha nem dupla {{}} van körülöttük
    - a hivatkozás címkéje általában a szerző neve és az évszám
      pl: Wettl2004
    - a bejegyzések sorrendje nem számít
    - nem muszáj minden mezőt kitölteni
    - a note a joker tulajdonság, ami mindenképpen bekerül a hivatkozásba

Példa weboldal hivatkozására:
@misc{Nasa,
  author    = {Jennifer Harbaugh},
  publisher = {NASA},
  title     = {Green Run Update: NASA Proceeds With Plans for Second Hot Fire Test},
  year      = {2021},
  note      = {\url{https://blogs.nasa.gov/artemis/2021/01/29/green-run-update-nasa-proceeds-with-plans-for-second-hot-fire-test/} 
              Hozzáférve: 2021.02.01}
}

Példa könyvek hivatkozására:
@book{Wettl2004,
  author    = {Ferenc Wettl and Gyula Mayer and Péter Szabó},
  publisher = {Panem Könyvkiadó},
  title     = {LaTeX kézikönyv},
  year      = {2004},
}

Példa cikkek hivatkozására:
@article{Cindy1986,
  author       = {James C. Candy},
  journaltitle = {{IEEE} Trans.\ on Communications},
  month        = {01},
  note         = {\doi{10.1109/TCOM.1986.1096432}},
  number       = {1},
  pages        = {72--76},
  title        = {Decimation for Sigma Delta Modulation},
  volume       = {34},
  year         = {1986},
}

Példa konferenciaanyagra:
@inproceedings{Lee1987,
  author    = {Wai L. Lee and Charles G. Sodini},
  booktitle = {Proc.\ of the IEEE International Symposium on Circuits and Systems},
  location  = {Philadelphia, PA, USA},
  month     = {05~4--7},
  pages     = {459--462},
  title     = {A Topology for Higher Order Interpolative Coders},
  vol       = {2},
  year      = {1987},
}

Példa beszámolóra, felmérésre:
@report{Jeney2014,
  author      = {Jeney Gábor},
  institution = {Budapesti Műszaki és Gazdaságtudományi Egyetem, Híradástechnikai Tanszék},
  location    = {Budapest},
  note        = {\url{http://www.mcl.hu/~jeneyg/kinezet.pdf}},
  title       = {Hogyan néz ki egy igényes dokumentum? {N}éhány szóban az alapvető tipográfiai szabályokról},
  type        = {techreport},
  year        = {2014},
}